%! Author = lavandejoey
%! Date = 21/6/2023

%1. 期刊：
@article{smith2020,
    author    = "Smith, John and Johnson, Alex",
    title     = "New Approaches in Artificial Intelligence",
    journal   = "Journal of AI Research",
    volume    = "10",
    number    = "4",
    pages     = "100--120",
    year      = "2020",
}
%2. 图书：
@book{brown2021,
    author    = "Brown, Mary and Davis, Paul",
    title     = "The Future of Machine Learning",
    publisher = "TechPress",
    year      = "2021",
}
%3. 会议论文集：
@inproceedings{jones2021,
    author    = "Jones, Robert and Williams, Sarah",
    title     = "Deep Learning Applications in Healthcare",
    booktitle = "Proceedings of the 2021 International Conference on AI and Healthcare",
    pages     = "150--160",
    year      = "2021",
}
%4. 专著中析出的文献：
@incollection{lee2021,
    author    = "Lee, Michael",
    title     = "Chapter on Natural Language Processing",
    booktitle = "Advances in Artificial Intelligence",
    publisher = "TechPress",
    year      = "2021",
    pages     = "300--320",
}
%5. 学位论文：
@phdthesis{thomas2020,
    author   = "Thomas, Richard",
    title    = "Data Mining Techniques for Big Data",
    school   = "University of Tech",
    year     = "2020",
}
%6. 报告：
@techreport{anderson2020,
    author      = "Anderson, Peter",
    title       = "TechReport on Data Privacy",
    institution = "Tech Institute",
    year        = "2020",
}
%7. 专利文献：
@misc{johnson2019,
    author = "Johnson, Eric",
    title  = "U.S. Patent No. 123,456,789: Method for Data Encryption",
    year   = "2019",
}
%8. 国际、国家标准：
@misc{iso2000,
    title = "ISO 9001:2000, Quality management systems -- Requirements",
    year  = "2000",
}
%9. 报纸文章：
@article{davis2020,
    author = "Davis, Emma",
    title  = "The Rise of Artificial Intelligence",
    journal = "The Tech Times",
    year   = "2020",
}
%10. 电子文献：
@misc{smith2020online,
    author = "Smith, John",
    title  = "Understanding AI",
    year   = "2020",
    url    = "https://www.website.com/article",
}